@book{snyder1987ray,
  title={Ray tracing complex models containing surface tessellations},
  author={Snyder, John M and Barr, Alan H},
  volume={21},
  number={4},
  year={1987},
  publisher={ACM}
}
@misc{oneweekend,
	title={Ray Tracing in One Weekend},
	author={Shirley, Peter},
	year={2016},
	publisher={Amazon Digital Services LLC}
}
